
@book{bolder2018credit,
  title     = {Credit-Risk Modelling: Theoretical Foundations, Diagnostic Tools, Practical Examples, and Numerical Recipes in Python},
  author    = {David Jamieson Bolder},
  year      = {2018},
  publisher = {Springer Cham},
  isbn      = {978-3-319-94687-0},
  doi       = {10.1007/978-3-319-94688-7},
  url       = {https://doi.org/10.1007/978-3-319-94688-7}
}

@book{dobrow2016introduction,
  title     = {Introduction to Stochastic Processes with R},
  author    = {Robert P. Dobrow},
  year      = {2016},
  publisher = {Wiley},
  isbn      = {978-1-118-74218-9}
}

@article{bonfim2024,
  author    = {Jéssica Vale Do Bonfim and Jair Kulitch},
  title     = {Analysis of claims outstanding in the municipality of Irati},
  journal   = {Revista Caribeña de Ciencias Sociales},
  year      = {2024},
  doi       = {10.55905/rcssv13n2-003},
}

@article{holck2019,
  author    = {J. Holck},
  title     = {Forecasting the Total Balance Sent to Debt Collection},
  year      = {2019},
}

@article{kovalenko2021,
  author    = {D. Kovalenko and O. Afanasieva and N. Zabuta and T. Boiko and Rosen Rosenov Baltov},
  title     = {Model of Assessing the Overdue Debts in a Commercial Bank Using Neuro-Fuzzy Technologies},
  journal   = {Journal of Risk and Financial Management},
  volume    = {14},
  pages     = {216},
  year      = {2021},
  doi       = {10.3390/JRFM14050216},
}

@article{zogovic2018,
  author    = {Kristina Zogović},
  title     = {Mathematical Models in the Function of Credit Risk Management I},
  journal   = {Ekonomika},
  volume    = {22},
  pages     = {255--259},
  year      = {2018},
 }